@book{lectureslides,
  author = {Rudy J. Lapeer},
  year = {2022},
  title = {Lecture 2: Programming Languages},
  publisher = {Rudy J. Lapeer}
}

@misc{pyqtgraphdevs2022,
  author = "PyQtGraphOfficial",
  title = "PyQt Documentation",
  howpublished = {\url{https://pyqtgraph.readthedocs.io/latest.html}},
}

@misc{qt2022,
  author = "QtOfficial",
  title = "Using PyInstaller",
  howpublished = {\url{https://doc.qt.io/qtforpython}},
}

@misc{pyinstaller,
  author = "PyInstaller",
  title = "Qt for Python Documentation",
  howpublished = {\url{https://pyinstaller.org/en/stable/usage.html}},
}

@misc{ruslan2020,
  author = "Ruslan Spivak",
  title = "Ruslan's Blog",
  howpublished = {\url{https://ruslanspivak.com}},
}

@misc{oxfordcollege2020,
  author = "Oxford",
  title = "Shunting Yard",
  howpublished = {\url{http://math.oxford.emory.edu/site/cs171/shuntingYardAlgorithm}},
}

@misc{datagy,
  author = "Datagy",
  title = "How to Make a List of the Alphabet in Python",
  howpublished = {\url{https://datagy.io/python-list-alphabet/#:~:text=The\%20easiest\%20way\%20to\%20load,ascii_uppercase\%20instances}},
}

@misc{shrestha2021,
  author = "Umang Shrestha",
  title = "Letâ€™s Build An Interpreter",
  howpublished = {\url{https://python.plainenglish.io/writing-an-interpreter-in-python-from-scratch-part-1-af7698cff0d9}},
}

@misc{fosmark2009,
  author = "Evan Fosmark",
  title = "Lexing with Python",
  howpublished = {\url{http://www.evanfosmark.com/2009/02/sexy-lexing-with-python}},
}

@misc{nyingi2021,
  author = "John Nyingi",
  title = "Making a Math Interpreter",
  howpublished = {\url{https://dev.to/j0nimost/implementing-a-math-interpreter-using-c-part1-2mf}},
}

@misc{aquaarchitect,
  author = "Aqua Architect",
  title = "Shunting Yard Algorithm",
  howpublished = {\url{https://aquarchitect.github.io/swift-algorithm-club/Shunting\%20Yard/}},
}